<?xml version="1.0" encoding="UTF-8"?><record xmlns="http://www.loc.gov/MARC21/slim" xmlns:cinclude="http://apache.org/cocoon/include/1.0" xmlns:zs="http://www.loc.gov/zing/srw/">
  <leader>01455cz  a2200265n  4500</leader>
  <controlfield tag="001">no 98088589 </controlfield>
  <controlfield tag="003">DLC</controlfield>
  <controlfield tag="005">20000504141918.0</controlfield>
  <controlfield tag="008">980601n| acaabaaa           |a ana     c</controlfield>
  <datafield tag="010" ind1=" " ind2=" ">
    <subfield code="a">no 98088589 </subfield>
  </datafield>
  <datafield tag="035" ind1=" " ind2=" ">
    <subfield code="a">(OCoLC)oca04740654</subfield>
  </datafield>
  <datafield tag="040" ind1=" " ind2=" ">
    <subfield code="a">NNC</subfield>
    <subfield code="c">NNC</subfield>
    <subfield code="d">DLC</subfield>
  </datafield>
  <datafield tag="130" ind1=" " ind2="0">
    <subfield code="a">Serii︠a︡ "Sot︠s︡ialʹnai︠a︡ istorii︠a︡ Rossii XX veka"</subfield>
  </datafield>
  <datafield tag="430" ind1=" " ind2="0">
    <subfield code="a">Sot︠s︡ialʹnai︠a︡ istorii︠a︡ Rossii XX veka</subfield>
  </datafield>
  <datafield tag="430" ind1=" " ind2="0">
    <subfield code="a">Serii︠a︡ "Sot︠s︡ialʹnai︠a︡ istorii︠a︡ Rossii 20. veka"</subfield>
  </datafield>
  <datafield tag="430" ind1=" " ind2="0">
    <subfield code="a">Serii︠a︡ "Sot︠s︡ialʹnai︠a︡ istorii︠a︡ Rossii dvadt︠s︡atogo veka"</subfield>
  </datafield>
  <datafield tag="410" ind1="2" ind2="0">
    <subfield code="a">Institut rossiĭskoĭ istorii (Rossiĭskai︠a︡ akademii︠a︡ nauk).</subfield>
    <subfield code="t">Serii︠a︡ "Sot︠s︡ialʹnai︠a︡ istorii︠a︡ Rossii XX veka"</subfield>
  </datafield>
  <datafield tag="410" ind1="2" ind2="0">
    <subfield code="a">Assot︠s︡iat︠s︡ii︠a︡ "Rossiĭskai︠a︡ politicheskai︠a︡ ėnt︠s︡iklopedii︠a︡".</subfield>
    <subfield code="t">Serii︠a︡ "Sot︠s︡ialʹnai︠a︡ istorii︠a︡ Rossii XX veka"</subfield>
  </datafield>
  <datafield tag="410" ind1="2" ind2="0">
    <subfield code="a">Federalʹnai︠a︡ arkhivnai︠a︡ sluzhba Rossii.</subfield>
    <subfield code="t">Serii︠a︡ "Sot︠s︡ialʹnai︠a︡ istorii︠a︡ Rossii XX veka"</subfield>
  </datafield>
  <datafield tag="410" ind1="2" ind2="0">
    <subfield code="a">Rossiĭskiĭ gosudarstvennyĭ arkhiv ėkonomiki.</subfield>
    <subfield code="t">Serii︠a︡ "Sot︠s︡ialʹnai︠a︡ istorii︠a︡ Rossii XX veka"</subfield>
  </datafield>
  <datafield tag="643" ind1=" " ind2=" ">
    <subfield code="a">Moskva</subfield>
    <subfield code="b">ROSSPĖN</subfield>
  </datafield>
  <datafield tag="644" ind1=" " ind2=" ">
    <subfield code="a">f</subfield>
    <subfield code="5">DLC</subfield>
  </datafield>
  <datafield tag="645" ind1=" " ind2=" ">
    <subfield code="a">t</subfield>
    <subfield code="5">DPCC</subfield>
    <subfield code="5">DLC</subfield>
  </datafield>
  <datafield tag="646" ind1=" " ind2=" ">
    <subfield code="a">s</subfield>
    <subfield code="5">DLC</subfield>
  </datafield>
  <datafield tag="670" ind1=" " ind2=" ">
    <subfield code="a">Golos naroda, 1998:</subfield>
    <subfield code="b">t.p. (Serii︠a︡ "Sot︠s︡ialʹnai︠a︡ istorii︠a︡ Rossii XX veka")</subfield>
  </datafield>
</record>